<?xml version="1.0" encoding="UTF-8"?><collection xmlns="http://www.loc.gov/MARC21/slim"><record><leader>00391nam--2200133-i-4500</leader><controlfield tag="001">000048023</controlfield><controlfield tag="002">20161230</controlfield><controlfield tag="005">20161230201046</controlfield><controlfield tag="008">060222s1000------------r-----000-0-eng-d</controlfield><datafield ind1=" " ind2=" " tag="080"><subfield code="a">62-52</subfield></datafield><datafield ind1=" " ind2=" " tag="100"><subfield code="a">Khan, Quamar Uddin Ahmad</subfield></datafield><datafield ind1=" " ind2=" " tag="245"><subfield code="a">Stability analysis of nonlinear sysstems by first method of lyapunov. thesis</subfield></datafield><datafield ind1=" " ind2=" " tag="260"><subfield code="a">Ann Arbor, Univ.Microfilms, Inc., 1967, Iii+46p</subfield></datafield><datafield ind1=" " ind2=" " tag="852"><subfield code="a">29262</subfield></datafield></record></collection>